@inproceedings{rop,
 author = {Herlihy, Maurice and Luchangco, Victor and Moir, Mark},
 title = {The Repeat Offender Problem: A Mechanism for Supporting Dynamic-Sized, Lock-Free Data Structures},
 booktitle = {DISC},
 year = {2002},
} 

@inproceedings{scherer06,
author = {William N. Scherer and Doug Lea and Michael L. Scott},
title = {Scalable synchronous queues},
booktitle = {PPoPP},
year = {2006},
}

@inproceedings{smallfootrg,
  author    = {Cristiano Calcagno and
               Matthew J. Parkinson and
               Viktor Vafeiadis},
  title     = {Modular Safety Checking for Fine-Grained Concurrency},
  booktitle = {SAS},
  year      = {2007},
}

@inproceedings{roman,
  author    = {Roman Manevich and
               Tal Lev-Ami and
               Mooly Sagiv and
               Ganesan Ramalingam and
               Josh Berdine},
  title     = {Heap Decomposition for Concurrent Shape Analysis},
  booktitle = {SAS},
  year      = {2008},
}

@inproceedings{maged,
   author = {Michael, Maged},
   title = {Memory Management in Concurrent Algorithms},
   booktitle = {CAV},
   year = {2010}
}

@inproceedings{kiv,
 author = {Tofan, Bogdan and Schellhorn, Gerhard and Reif, Wolfgang},
 title = {Formal verification of a lock-free stack with hazard pointers},
 booktitle = {ICTAC},
 year = {2011},
} 

@inproceedings{MFPS:Vafeiadis11,
  author = {Vafeiadis, Viktor},
  title = "Concurrent Separation Logic and Operational Semantics",
  booktitle = "MFPS",
  year = "2011",
}

@inproceedings{turkish,
 author = {Elmas, Tayfun and Qadeer, Shaz and Tasiran, Serdar},
 title = {A calculus of atomic actions},
 booktitle = {POPL},
 year = {2009},
} 

@inproceedings{parkinson-hazard,
 author = {Parkinson, Matthew and Bornat, Richard and O'Hearn, Peter},
 title = {Modular verification of a non-blocking stack},
 booktitle = {POPL},
 year = {2007},
} 

@unpublished{rgsep,
 author = {Viktor Vafeiadis},
 title = {Modular fine-grained concurrency verification},
 year = {2008},
 note = {PhD Thesis. University of Cambridge},
}

@inproceedings{hyperv,
    author = {Ernie Cohen and Wolfram Schulte and Stephan Tobies},
    title = {Local Verification of Global Invariants in Concurrent Programs},
    booktitle = {CAV},
    year = {2010},
}

@inproceedings{fucker-rustan,
  author    = {K. Rustan M. Leino and Peter M\"uller},
  title     = {A basis for verifying multi-threaded programs},
  booktitle = {ESOP},
  year      = {2009},
}

@inproceedings{hazard-feng,
 author = {Fu, Ming and Li, Yong and Feng, Xinyu and Shao, Zhong and Zhang, Yu},
 title = {Reasoning about optimistic concurrency using a program logic for history},
 booktitle = {CONCUR},
 year = {2010},
} 

@article{hazard,
 author = {Michael, Maged M.},
 title = {Hazard Pointers: Safe Memory Reclamation for Lock-Free Objects},
 journal = {IEEE Trans. Parallel Distrib. Syst.},
 year = {2004},
} 

@inproceedings{michael,
 author = {Michael, Maged M.},
 title = {High performance dynamic lock-free hash tables and list-based sets},
 booktitle = {SPAA},
 year = {2002},
} 

@inproceedings{boyland,
  author    = {John Boyland},
  title     = {Checking Interference with Fractional Permissions},
  booktitle = {SAS},
  year      = {2003},
}

@inproceedings{cminor,
 author = {Appel, Andrew W. and Blazy, Sandrine},
 title = {Separation logic for small-step {C}minor},
 booktitle = {TPHOLs},
 year = {2007},
} 

@unpublished{rcu-thesis,
 author = {Paul McKenney},
 title = {Exploiting deferred destruction: an analysis of read-copy-update techniques in operating system kernels},
 note = {PhD Thesis. OGI, 2004} 
}

@inproceedings{rcu,
    author = {Paul E. McKenney and John D. Slingwine},
    title = {Read-copy update: using execution history to solve concurrency problems},
    year = {1998},
    booktitle = {PDCS}
}

@inproceedings{storable,
  author = {Alexey Gotsman and Josh Berdine and Byron Cook and Noam Rinetzky and Mooly Sagiv},
  title = {Local reasoning for storable locks and threads},
  booktitle = {APLAS},
  year = {2007},
}

@unpublished{userrcu,
 author = {Mathieu Desnoyers and Paul E. McKenney and Alan S. Stern and Michel R. Dagenais and Jonathan Walpole},
 title = {User-Level Implementations of Read-Copy Update},
 note = {Submitted},
 year = {2011},
} 


@inproceedings{rcustm,
 author = {Howard, Philip W. and Walpole, Jonathan},
 title = {A relativistic enhancement to software transactional memory},
 booktitle = {HotPar},
 year = {2011},
} 

@unpublished{rbtree,
 author = {Philip W. Howard and Jonathan Walpole},
 title = {Relativistic Red-Black Trees},
 note = {Draft},
 year = {2011},
} 

@book{ulk,
author = {Daniel Bovet and Marco Cesati},
title = {Understanding the Linux Kernel, 3rd ed.},
year = {2005},
publisher={O'Reilly}
}

@inproceedings{hashtable,
 author = {Triplett, Josh and McKenney, Paul and Walpole, Jonathan},
 title = {Resizable, scalable, concurrent hash tables via relativistic programming},
 booktitle = {USENIX ATC},
 year = {2011},
} 

@inproceedings{x86-tso,
 author = {Owens, Scott and Sarkar, Susmit and Sewell, Peter},
 title = {A Better x86 Memory Model: x86-{TSO}},
 booktitle = {TPHOLs},
 year = {2009},
} 

@unpublished{lintso,
 author = {Sebastian Burckhardt and Alexey Gotsman and Madanlal Musuvathi and Hongseok Yang},
 title = {Concurrent library correctness on weak memory models},
 year = {2011},
 note = {Draft}
}

@inproceedings{ridge,
 author = {Ridge, Tom},
 title = {A rely-guarantee proof system for x86-{TSO}},
 booktitle = {VSTTE},
 year = {2010},
} 

@inproceedings{josh,
 author = {Ian Wehrman and Josh Berdine},
 title = {A Proposal for Weak-Memory Local Reasoning},
 booktitle = {LOLA},
 year = {2011},
} 

@inproceedings{reg-hiding,
 author = {David A. Naumann and Anindya Banerjee},
 title = {Dynamic Boundaries: Information Hiding by Second Order Framing with First Order Assertions},
 booktitle = {ESOP},
 year = {2010},
} 

@inproceedings{viktor-lin,
 author = {Vafeiadis, Viktor},
 title = {Shape-Value Abstraction for Verifying Linearizability},
 booktitle = {VMCAI},
 year = {2009},
} 

@inproceedings{Jones83,
  author    = {Cliff B. Jones},
  title     = {Specification and Design of (Parallel) Programs},
  booktitle = {IFIP Congress},
  year      = {1983},
}

@inproceedings{Pnueli,
 author = {A. Pnueli},
 title = {In transition from global to modular temporal reasoning about programs},
 booktitle = {Logics and Models of Concurrent Systems},
 year = {1985},
 }

@inproceedings{rinard-ownership-concur,
  author    = {Chandrasekhar Boyapati and
               Robert Lee and
               Martin C. Rinard},
  title     = {Ownership types for safe programming: preventing data races
               and deadlocks},
 booktitle = {OOPSLA},
  year      = {2002},
}

@article{parnas,
 author = {Parnas, D. L.},
 title = {On the criteria to be used in decomposing systems into modules},
 journal = {CACM},
 year = {1972},
} 

@article{data-anindya,
 author = {Anindya Banerjee and David A. Naumann},
 title = {Ownership Confinement Ensures Representation Independence in Object-Oriented Programs},
 journal = {JACM},
 year = {2005},
} 

@inproceedings{data-aplas,
  title = {Data Refinement with Low-level Pointer Operations},
  author = {Ivana Mijajlovic and Hongseok Yang},
  booktitle = {APLAS},
  year = {2005}
}

@article{data,
 author = {C. A. R. Hoare},
 title = {Proof of correctness of data representations },
 journal = {Acta Informatica},
 year = {1972},
} 

@inproceedings{VafeiadisP07,
  author    = {Viktor Vafeiadis and
               Matthew J. Parkinson},
  title     = {A Marriage of Rely/Guarantee and Separation Logic},
  booktitle = {CONCUR},
  year      = {2007},
}

@article{ho,
 author = {Biering, Bodil and Birkedal, Lars and Torp-Smith, Noah},
 title = {{BI}-hyperdoctrines, higher-order separation logic, and abstraction},
 journal = {TOPLAS},
 year = {2007},
} 

@inproceedings{permissions,
 author = {Bornat, Richard and Calcagno, Cristiano and O'Hearn, Peter and Parkinson, Matthew},
 title = {Permission accounting in separation logic},
 year = {2005},
 booktitle = {POPL},
} 

@inproceedings{lrg,
  author = {Xinyu Feng},
  title = {Local Rely-Guarantee Reasoning},
  booktitle = {POPL},
  year =         "2009",
}

@inproceedings{dg,
  author = {Mike Dodds and Xinyu Feng and Matthew Parkinson and Viktor Vafeiadis},
  title = {Deny-Guarantee Reasoning},
  booktitle = {ESOP},
  year =         "2009",
}

@unpublished{bacon,
 author = {David F. Bacon},
 title = {Parallel and Concurrent Real-time Garbage Collection},
 year = {2008},
 note = {Slides from a talk at a Summer School on Trends in Concurrency}
}

@inproceedings{ms,
 author = {Michael, Maged M. and Scott, Michael L.},
 title = {Simple, fast, and practical non-blocking and blocking concurrent queue algorithms},
 booktitle = {PODC},
 year = {1996},
} 

@inproceedings{icalp,
  author     = {Alexey Gotsman and Hongseok Yang},
  title    = {Liveness-preserving atomicity abstraction},
  booktitle = {ICALP},
  year      = {2011},
}

@inproceedings{sagl,
  author     = {Xinyu Feng and Rodrigo Ferreira and Zhong Shao},
  title    = {On the Relationship between Concurrent Separation Logic and Assume-Guarantee Reasoning},
  booktitle = {ESOP},
  year      = {2007},
}

@article{blame,
 author = {Ivana Filipovi\'c and Peter O'Hearn and Noah Torp-Smith and Hongseok Yang},
 title = {Blamining the Client: On Data Refinement in the Presence of Pointers},
 journal = {FAC},
 year = {2010},
 }

@INPROCEEDINGS{Vardi95alternating,
    author = {Moshe Y. Vardi},
    title = {Alternating Automata and Program Verification},
    booktitle = {In Computer Science Today. LNCS 1000},
    year = {1995},
    pages = {471--485},
    publisher = {Springer-Verlag}
}

@inproceedings{OHearnYR04,
 author = {O'Hearn, Peter and Yang, Hongseok and Reynolds, John C.},
 title = {Separation and information hiding},
 booktitle = {POPL},
 year = {2004},
 }

@article{seplogic-concurrent,
  author = "Peter O'Hearn",
  title =  "Resources, Concurrency and Local Reasoning",
  journal =  "TCS",
  year =     "2007",
}

@inproceedings{asl,
  author =   {C. Calcagno and P. O'Hearn and H. Yang},
  title =    {Local Action and Abstract Separation Logic},
  booktitle =    {LICS},
  year =     {2007},
}

@inproceedings{turkish10,
 author = {Tayfun Elmas and Shaz Qadeer and Ali Sezgin and Omer Subasi and Serdar Tasiran},
 title = {Simplifying Linearizability Proofs with Reduction and Abstraction},
 booktitle = {TACAS},
 year = {2010},
} 

@article{jones-tcs07,
  author    = {Cliff B. Jones},
  title     = {Splitting atoms safely},
  journal   = {TCS},
  year      = {2007},
}

@article{back81,
  author    = {Ralph-Johan Back},
  title     = {On Correct Refinement of Programs},
  journal   = {JCSS},
  year      = {1981},
}

@book{herlihy-book,
 author = {M. Herlihy and N. Shavit},
 title = {The art of multiprocessor programming},
 year = {2008}
}

@inproceedings{byron,
 author = {Cook, Byron and Podelski, Andreas and Rybalchenko, Andrey},
 title = {Proving thread termination},
 booktitle = {PLDI},
 year = {2007},
} 

@article{alpern,
  author    = {Bowen Alpern and
               Fred B. Schneider},
  title     = {Defining Liveness},
  journal   = {Inf. Process. Lett.},
  volume    = {21},
  number    = {4},
  year      = {1985},
  pages     = {181--185},
}

@article{Jeffrey,
 author = {Jeffrey, Alan and Rathke, Julian},
 title = {A fully abstract may testing semantics for concurrent objects},
 journal = {Theor. Comput. Sci.},
 volume = {338},
 issue = {1-3},
 year = {2005},
 pages = {17--63},
} 

@TechReport{Treiber,
  author =   {R. K. Treiber},
  title =    {Systems programming: Coping with parallelism},
  institution =  {IBM Almaden Research Center},
  year =     {1986},
  number =   {RJ 5118},
}

@inproceedings{cap,
	Author = {Thomas Dinsdale-Young and Mike Dodds and Philippa Gardner and 
	          Matthew Parkinson and Viktor Vafeiadis},
	Booktitle = {ECOOP},
	Title = {Concurrent Abstract Predicates},
	Year = {2010}}

@INPROCEEDINGS{rgsep-paper,
    author = {Viktor Vafeiadis and Matthew Parkinson},
    title = {A Marriage of Rely/Guarantee and Separation Logic},
    booktitle = {CONCUR},
    year = {2007},
}

@inproceedings{aaron,
  author    = {Aaron Turon and Mitchell Wand},
  title     = {A separation logic for refining concurrent objects},
  booktitle = {POPL},
  year      = {2011},
}

@article{vardi,
 author = {M. Y. Vardi},
 title = {Verification of concurrent programs---the automata-theoretic framework},
 journal = {Annals of Pure and Applied Logic},
 year = {1991},
 pages = {79--98},
}

@inproceedings{popl07,
 author = {Cook, Byron and Gotsman, Alexey and Podelski, Andreas and Rybalchenko, Andrey and Vardi, Moshe Y.},
 title = {Proving that programs eventually do something good},
 booktitle = {POPL},
 year = {2007},
}

@article{linearizability,
 author = {Herlihy, Maurice P. and Wing, Jeannette M.},
 title = {Linearizability: a correctness condition for concurrent objects},
 journal = {TOPLAS},
 year = {1990},
}

@INPROCEEDINGS{daphna-linearizability,
  AUTHOR =       {Daphna Amit and Noam Rinetzky and Thomas W. Reps and Mooly Sagiv and Eran Yahav},
  TITLE =        {Comparison under abstraction for verifying linearizability},
  BOOKTITLE =    {CAV},
  YEAR =         {2007}
}

@INPROCEEDINGS{hsy,
  AUTHOR =       {D. Hendler and N. Shavit and L. Yerushalmi},
  TITLE =        {A scalable lock-free stack algorithm},
  BOOKTITLE =    {SPAA},
  YEAR =         {2004}
}

@INPROCEEDINGS{viktor-linearizability-old,
  AUTHOR =       {Viktor Vafeiadis},
  TITLE =        {Shape-value abstraction for verifying linearizability},
  BOOKTITLE =    {VMCAI},
  YEAR =         {2009}
}

@inproceedings{viktor-linearizability,
  author    = {Viktor Vafeiadis},
  title     = {Automatically Proving Linearizability},
  booktitle = {CAV},
  year      = {2010},
}

@INPROCEEDINGS{tcs10,
  AUTHOR =       {Ivana Filipovi\'c and Peter O'Hearn and Noam Rinetzky and Hongseok Yang},
  TITLE =        {Abstraction for Concurrent Objects},
  BOOKTITLE =    {TCS},
  YEAR =         {2010}
}

@INPROCEEDINGS{pldi09,
  AUTHOR =       {Erez Petrank and Madanlal Musuvathi and Bjarne Steensgaard},
  TITLE =        {Progress Guarantee via Bounded Lock-Freedom},
  BOOKTITLE =    {PLDI},
  YEAR =         {2009}
}

@INPROCEEDINGS{popl09,
  AUTHOR =       {Alexey Gotsman and Byron Cook and Matthew Parkinson and Viktor Vafeiadis},
  TITLE =        {Proving that non-blocking algorithms don't block},
  BOOKTITLE =    {POPL},
  YEAR =         {2009}
}

@unpublished{rgsep-thesis,
 author = {Viktor Vafeiadis},
 title = {Modular fine-grained concurrency verification},
 note = {PhD Thesis. University of Cambridge, 2008} 
}

@unpublished{fraser-thesis,
 author = {Keir Fraser},
 title = {Practical lock-freedom},
 note = {PhD Thesis. University of Cambridge, 2004} 
}

@INPROCEEDINGS{mcas,
  AUTHOR =       {Tim Harris and Keir Fraser and Ian Pratt},
  TITLE =        {A Practical Multi-Word Compare-and-Swap Operation},
  BOOKTITLE =    {DISC},
  YEAR =         {2002}
}

@INPROCEEDINGS{harris,
  AUTHOR =       {Tim Harris},
  TITLE =        {A Pragmatic Implementation of Non-Blocking Linked Lists},
  BOOKTITLE =    {DISC},
  YEAR =         {2001}
}

@INPROCEEDINGS{lineup,
  AUTHOR =       {Sebastian Burckhardt and Chris Dern and Madanlal Musuvathi and Roy Tan},
  TITLE =        {Line-Up: A Complete and Automatic Linearizability Checker},
  BOOKTITLE =    {PLDI},
  YEAR =         {2010}
}


@InProceedings{lics02,
  author =	 "Reynolds, J. C.",
  title =	 "{Separation} Logic: A Logic for Shared Mutable Data
                  Structures",
  booktitle =	 "LICS",
  year =	 "2002",
}

@unpublished{dataref,
 author = {Alexey Gotsman and Hongseok Yang},
 title = {Data refinement fixed},
 year = {2011},
 note = {In preparation},
}

@techreport{ext,
 author = {Alexey Gotsman and Noam Rinetzky and Hongseok Yang},
 title = {Verifying Concurrent Memory Reclamation Algorithms with Grace},
 number = {7/13},
 institution = {School of Computer Science, Tel-Aviv University},
 year = {2013},
 Note = {Available at \textsf{www.cs.tau.ac.il/$\sim$maon}}
}

@InProceedings{clarke01,
    author    = {D. G. Clarke and J Noble and J. M. Potter},
    title     = {Simple Ownership Types for Object Containment},
    booktitle = {ECOOP},
    year      = {2001}
}

@inproceedings{Jacobs-popl11,
  author    = {Bart Jacobs and
               Frank Piessens},
  title     = {Expressive modular fine-grained concurrency specification},
  booktitle = {POPL},
  year      = {2011}
}


@inproceedings{Reynolds83,
  author    = {John C. Reynolds},
  title     = {Types, Abstraction and Parametric Polymorphism},
  booktitle = {IFIP Congress},
  year      = {1983}
}

@inproceedings{VarsAsResource,
  author    = {Matthew J. Parkinson and
               Richard Bornat and
               Cristiano Calcagno},
  title     = {Variables as Resource in Hoare Logics},
  booktitle = {LICS},
  year      = {2006}
}

