@article{seijas2016scripting,
	title={Scripting smart contracts for distributed ledger technology},
	author={Seijas, Pablo Lamela and Thompson, Simon and McAdams, Darryl},
	year={2016},
	annote = {\url{http://eprint.iacr.org/2016/1156.pdf}}
}

@techreport{atzei2016survey,
	title={A survey of attacks on Ethereum smart contracts},
	author={Atzei, Nicola and Bartoletti, Massimo and Cimoli, Tiziana},
	annote = {\url{http://eprint.iacr.org/2016/1007.pdf}}
}

@inproceedings{juels2016ring,
	title={The ring of Gyges: Investigating the future of criminal smart contracts},
	author={Juels, Ari and Kosba, Ahmed and Shi, Elaine},
	booktitle={Proceedings of the 2016 ACM SIGSAC Conference on Computer and Communications Security},
	pages={283--295},
	year={2016},
	organization={ACM},
	annote = {\url{http://eprint.iacr.org/2016/358.pdf}}
}

@techreport{gavin2017yellow,
	title={Ethereum: A Secure Decentralised Generalised Transaction Ledger},
	author={Wood, Gavin},	
	annote = {\url{https://ethereum.github.io/yellowpaper/paper.pdf}},
	year=2017,
	note = {EIP-150 REVISION (8bb760b - 2017-01-19)}
}

@inproceedings{idelberger2016evaluation,
	title={Evaluation of logic-based smart contracts for blockchain systems},
	author={Idelberger, Florian and Governatori, Guido and Riveret, R{\'e}gis and Sartor, Giovanni},
	booktitle={International Symposium on Rules and Rule Markup Languages for the Semantic Web},
	pages={167--183},
	year={2016},
	organization={Springer}
}

@inproceedings{Luu:2016:MSC:2976749.2978309,
	author = {Luu, Loi and Chu, Duc-Hiep and Olickel, Hrishi and Saxena, Prateek and Hobor, Aquinas},
	title = {Making Smart Contracts Smarter},
	booktitle = {Proceedings of the 2016 ACM SIGSAC Conference on Computer and Communications Security},
	series = {CCS '16},
	year = {2016},
	isbn = {978-1-4503-4139-4},
	location = {Vienna, Austria},
	pages = {254--269},
	numpages = {16},
	url = {http://doi.acm.org/10.1145/2976749.2978309},
	doi = {10.1145/2976749.2978309},
	acmid = {2978309},
	publisher = {ACM},
	address = {New York, NY, USA},
	keywords = {blockchain, cryptocurrencies, ethereum, smart contract, symbolic execution},
}

@inproceedings{Bhargavan:2016:FVS:2993600.2993611,
	author = {Bhargavan, Karthikeyan and Delignat-Lavaud, Antoine and Fournet, C{\'e}dric and Gollamudi, Anitha and Gonthier, Georges and Kobeissi, Nadim and Kulatova, Natalia and Rastogi, Aseem and Sibut-Pinote, Thomas and Swamy, Nikhil and Zanella-B{\'e}guelin, Santiago},
	title = {Formal Verification of Smart Contracts: Short Paper},
	booktitle = {Proceedings of the 2016 ACM Workshop on Programming Languages and Analysis for Security},
	series = {PLAS '16},
	year = {2016},
	isbn = {978-1-4503-4574-3},
	location = {Vienna, Austria},
	pages = {91--96},
	numpages = {6},
	url = {http://doi.acm.org/10.1145/2993600.2993611},
	doi = {10.1145/2993600.2993611},
	acmid = {2993611},
	publisher = {ACM},
	address = {New York, NY, USA},
	keywords = {EVM, ethereum, formal verification, smart contracts, solidity},
} 

@inproceedings{kosba2016hawk,
	title={Hawk: The blockchain model of cryptography and privacy-preserving smart contracts},
	author={Kosba, Ahmed and Miller, Andrew and Shi, Elaine and Wen, Zikai and Papamanthou, Charalampos},
	booktitle={Security and Privacy (SP), 2016 IEEE Symposium on},
	pages={839--858},
	year=2016,
	organization={IEEE}
}

@inproceedings{delmolino2016step,
	title={Step by step towards creating a safe smart contract: Lessons and insights from a cryptocurrency lab},
	author={Delmolino, Kevin and Arnett, Mitchell and Kosba, Ahmed and Miller, Andrew and Shi, Elaine},
	booktitle={International Conference on Financial Cryptography and Data Security},
	pages={79--94},
	year=2016,
	organization={Springer}
}

@thesis{pettersson2015safer,
	title={Safer smart contracts through type-driven development},
	author={Pettersson, Jack and Edstr{\"o}m, Robert},
	school={Chalmers University of Technology},
	year=2016,
	annote = {\url{http://publications.lib.chalmers.se/records/fulltext/234939/234939.pdf}}
}

@article{crary2015peer,
	title={Peer-to-peer affine commitment using bitcoin},
	author={Crary, Karl and Sullivan, Michael J},
	journal={ACM SIGPLAN Notices},
	volume={50},
	number={6},
	pages={479--488},
	year=2015,
	publisher={ACM}
}