@article{PapadimitriouJACM1979,
 author = {Papadimitriou, Christos H.},
 title = {The Serializability of Concurrent Database Updates},
 journal = {J. ACM},
 issue_date = {Oct. 1979},
 volume = {26},
 number = {4},
 month = oct,
 year = {1979},
 issn = {0004-5411},
 pages = {631--653},
 numpages = {23},
 publisher = {ACM},
 address = {New York, NY, USA},
}

@book{ullman,
    title={{Introduction to automata theory, languages, and computation}},
    author={Hopcroft, J.E. and Motwani, R. and Ullman, J.D.},
    year={2006},
    publisher={Addison-wesley}
}

@book{BOOK:BHG87,
  author    = {Philip A. Bernstein and
               Vassos Hadzilacos and
               Nathan Goodman},
  title     = {Concurrency Control and Recovery in Database Systems},
  publisher = {Addison-Wesley},
  year      = {1987},
  isbn      = {0-201-10715-5},
}

@article{bouajjani1997reachability,
  title={Reachability analysis of pushdown automata: Application to model-checking},
  author={Bouajjani, Ahmed and Esparza, Javier and Maler, Oded},
  journal={CONCUR'97: Concurrency Theory},
  pages={135--150},
  year={1997},
  publisher={Springer}
}


@Inproceedings{Leino2010,
author="Leino, K. Rustan M.",
editor="Clarke, Edmund M.
and Voronkov, Andrei",
title="Dafny: An Automatic Program Verifier for Functional Correctness",
bookTitle="Logic for Programming, Artificial Intelligence, and Reasoning: 16th International Conference, LPAR-16, Dakar, Senegal, April 25--May 1, 2010, Revised Selected Papers",
year="2010",
publisher="Springer",
address="Berlin, Heidelberg",
pages="348--370",
isbn="978-3-642-17511-4",
doi="10.1007/978-3-642-17511-4_20",
url="http://dx.doi.org/10.1007/978-3-642-17511-4_20"
}

@misc{Eth:DoSAttack,
  author = {{Bok Consulting}},
  title = {{Ethereum Network Attacker's IP Address Is Traceable}},
  howpublished = "\url{https://www.bokconsulting.com.au/blog/ethereum-network-attackers-ip-address-is-traceable/}",
  year = {2016},
  note = "[Online; accessed 30-June-2017]"
}

@misc{Eth:DoSAttack2,
  author = {Ethereum StackExchange},
  title = {{Why is my node synchronization stuck/extremely slow at block 2,306,843?}},
  howpublished = "\url{https://ethereum.stackexchange.com/questions/9883/why-is-my-node-synchronization-stuck-extremely-slow-at-block-2-306-843}",
  year = {2017},
  note = "[Online; accessed 30-June-2017]"
}

@misc{Eth:Geth,
  author = {{Ethereum Foundation}},
  title = {{Geth}},
  howpublished = "\url{https://github.com/ethereum/go-ethereum/wiki/geth}",
  year = {2017},
  note = "[Online; accessed 30-June-2017]"
}

@inproceedings{GoProgrammingLanguage,
 author = {Pike, Rob},
 title = {Go at Google},
 booktitle = {Proceedings of the 3rd Annual Conference on Systems, Programming, and Applications: Software for Humanity},
 series = {SPLASH '12},
 year = {2012},
 isbn = {978-1-4503-1563-0},
 location = {Tucson, Arizona, USA},
 pages = {5--6},
 numpages = {2},
 publisher = {ACM},
 address = {New York, NY, USA},
 keywords = {composition, concurrency, go, programming in the large},
}

@misc{Validity,
    title = {{Validity Labs}},
    howpublished = "\url{https://validitylabs.org}",
    year = {2017},
    note = "[Online]"
}

@misc{Eth:DAOExercise,
    author = {B9Lab},
    title = {ING hack challenge},
    howpublishd = "\url{https://github.com/b9lab/ing-hack-challenge}",
    year = {2017},
    note = "[Online]"
}

@misc{Eth:Validity,
    author = {{Validity Labs}},
    title = {Recursive call exploit},
    howpublishd = "\url{https://github.com/validitylabs/recursive-call-exploit/blob/master/keepMyEther.sol}",
    year = {2017},
    note = "[Online]"
}

@misc{Eth:Ambisafe,
  author = {{Ambisafe}},
  title = {Ethereum Asset Platform},
  howpublished = "\url{https://www.ambisafe.co/}",
  year = {2017},
  note = "[Online; accessed 1-July-2017]"
}

@misc{Eth:0x34a,
  author = {{p-s-dev}},
  title = {Split DAOs},
  howpublished = "\url{https://gist.github.com/p-s-dev/e940788a3472fefa1539b327b8628943}",
  year = {2016},
  note = "[Online; accessed 1-July-2017]"
}

@misc{Eth:0xbf7Creator,
  author = {{Etherscan}},
  title = {0xbfBeA57d87E15529a30B6634C1C13F1A12Fa4d09},
  howpublished = "\url{https://etherscan.io/address/0xbfbea57d87e15529a30b6634c1c13f1a12fa4d09}",
  year = {2017},
  note = "[Online; accessed 1-July-2017]"
}

@misc{Eth:DarkDAO,
  author = {Johannes Pfeffer},
  title = {The rise of the Dark DAO},
  howpublished = "\url{https://medium.com/@oaeee/the-rise-of-the-dark-dao-72b21a2212e3}",
  year = {2016},
  note = "[Online; accessed 2-July-2017]"
}

@misc{Eth:DAOAttack,
  author = {Vitalik Buterin},
  title = {CRITICAL UPDATE Re: DAO Vulnerability},
  howpublished = "\url{https://blog.ethereum.org/2016/06/17/critical-update-re-dao-vulnerability/}",
  year = {2016},
  note = "[Online; accessed 2-July-2017]"
}


@misc{Eth:NonECFMention,
  author = {Peter Vessenes},
  title = {More Ethereum Attacks: Race-To-Empty is the Real Deal},
  howpublished = "\url{http://vessenes.com/more-ethereum-attacks-race-to-empty-is-the-real-deal/}",
  year = {2016},
  note = "[Online; accessed 2-July-2017]"
}

@misc{Eth:MakerDAO,
  author = {{Ethereum Reddit}},
  title = {From the MAKER DAO slack: "Today we discovered a vulnerability in the ETH token wrapper which would let anyone drain it."},
  howpublished = "\url{https://www.reddit.com/r/ethereum/comments/4nmohu/from_the_maker_dao_slack_today_we_discovered_a/}",
  year = {2016},
  note = "[Online; accessed 2-July-2017]"
}


@misc{Eth:ETHClassic,
  author = {{Ethereum Classic}},
  title = {Ethereum Classic},
  howpublished = "\url{https://etcchain.com/}",
  year = {2017},
  note = "[Online; accessed 2-July-2017]"
}


@misc{Eth:DAOinETC,
  author = {{Bok Consulting}},
  title = {The DAO ETC Drains},
  howpublished = "\url{https://github.com/bokkypoobah/TheDAOETCDrains}",
  year = {2016},
  note = "[Online; accessed 2-July-2017]"
}


@misc{Eth:EthYellowPaperGavWood,
  author = {Wood, Gavin },
  title = {Ethereum: A Secure Decentralised Generalised Transaction Ledger},
  howpublished = "\url{http://gavwood.com/paper.pdf}",
  year = {2016},
  note = "[Online; accessed 5-July-2017]"
}

@article{Szabo1997formalizing,
  title={Formalizing and securing relationships on public networks},
  author={Szabo, Nick},
  journal={First Monday},
  volume={2},
  number={9},
  year={1997}
}

@misc{nakamoto2008bitcoin,
  title={Bitcoin: A peer-to-peer electronic cash system},
  author={Nakamoto, Satoshi},
  howpublished = "\url{https://bitcoin.org/bitcoin.pdf}",
  year={2008}
}

@misc{Eth:Solidity,
  author = {{Ethereum Foundation}},
  title = {Solidity},
  howpublished = "\url{https://solidity.readthedocs.io/en/develop/}",
  year = {2017},
  note = "[Online; accessed 5-July-2017]"
}

@misc{Eth:OyenteOnline,
  author = {Melonport},
  title = {Oyente},
  howpublished = "\url{https://oyente.melonport.com}",
  year = {2017},
  note = "[Online; accessed 6-July-2017]"
}

@misc{Eth:solc}
  author = {{Ethereum Foundation}},
  title = {Solidity Compiler},
  howpublished = "\url{http://solidity.readthedocs.io/en/develop/using-the-compiler.html}",
  year = {2017},
  note = "[Online; accessed 6-July-2017]"
}

@inproceedings{RW:Why3filliatre13esop,
  author = {Jean-Christophe Filli\^atre and Andrei Paskevich},
  title = {Why3 --- Where Programs Meet Provers},
  booktitle = {Proceedings of the 22nd European Symposium on Programming},
  month = mar,
  year = 2013,
  volume = {7792},
  series = {Lecture Notes in Computer Science},
  publisher = {Springer},
  editor = {Matthias Felleisen and Philippa Gardner},
  pages = {125--128},
}


@misc{RW:SolidityWithWhy3,
  author = {chriseth},
  title = {Formal Verification for Solidity Contracts},
  howpublished = "\url{https://forum.ethereum.org/discussion/3779/formal-verification-for-solidity-contracts}",
  year = {2015},
  note = "[Online; accessed 6-July-2017]"
}

@misc{RW:Why3Discontinued,
  author = {Alex Beregszaszi},
  title = {Remove Why3 translator},
  howpublished = "\url{https://github.com/ethereum/solidity/issues/2195}",
  year = {2017},
  note = "[Online; accessed 6-July-2017]"
}







@article{Lamport:1978:TCO:359545.359563,
 author = {Lamport, Leslie},
 title = {Time, Clocks, and the Ordering of Events in a Distributed System},
 journal = {Commun. ACM},
 issue_date = {July 1978},
 volume = {21},
 number = {7},
 month = jul,
 year = {1978},
 issn = {0001-0782},
 pages = {558--565},
 numpages = {8},
 publisher = {ACM},
 address = {New York, NY, USA},
 keywords = {clock synchronization, computer networks, distributed systems, multiprocess systems},
}


@inproceedings{RW:AliLhotakECOOP13,
 author = {Ali, Karim and Lhot\'{a}k, Ond\v{r}ej},
 title = {Averroes: Whole-program Analysis Without the Whole Program},
 booktitle = {Proceedings of the 27th European Conference on Object-Oriented Programming},
 series = {ECOOP'13},
 year = {2013},
 isbn = {978-3-642-39037-1},
 location = {Montpellier, France},
 pages = {378--400},
 numpages = {23},
 publisher = {Springer-Verlag},
 address = {Berlin, Heidelberg},
}

@inproceedings{GotsmanYangICALP11,
  author    = {Alexey Gotsman and
               Hongseok Yang},
  title     = {Liveness-Preserving Atomicity Abstraction},
  booktitle = {Automata, Languages and Programming - 38th International Colloquium,
               {ICALP} 2011, Zurich, Switzerland, July 4-8, 2011, Proceedings, Part
               {II}},
  pages     = {453--465},
  year      = {2011},
}

@article{LogozzoCLSS09,
 author = {Logozzo, Francesco},
 title = {Class Invariants As Abstract Interpretation of Trace Semantics},
 journal = {Comput. Lang. Syst. Struct.},
 issue_date = {July, 2009},
 volume = {35},
 number = {2},
 month = jul,
 year = {2009},
 issn = {1477-8424},
 pages = {100--142},
 numpages = {43},
 publisher = {Elsevier Science Publishers B. V.},
 address = {Amsterdam, The Netherlands, The Netherlands},
 keywords = {Abstract interpretation, Class invariant, Object-oriented programming, Optimization, Static analysis, Trace semantics, Verification},
}

@article{MillerIACR2015,
  title={Step by Step Towards Creating a Safe Smart Contract: Lessons and Insights from a Cryptocurrency Lab},
  journal={IACR Cryptology ePrint Archive},
  volume={2015},
  pages={460},
  author={Kevin Delmolino and Mitchell Arnett and Ahmed E. Kosba and Andrew Miller and Elaine Shi},
  year=2015
}

@misc{Eth:EthereumLab,
  author = {Kevin Delmolino and Mitchell Arnett and Ahmed E. Kosba and Andrew Miller and Elaine Shi},
  title = {Ethereum - Serpent Tutorial and Smart Contract Lab},
  howpublished = "\url{https://github.com/mc2-umd/ethereumlab/blob/master/Examples/RPS_v2_new.py}",
  year = {2016},
  note = "[Online; accessed 2-July-2017]"
}

@inproceedings{RW:LuuCCS16,
 author = {Luu, Loi and Chu, Duc-Hiep and Olickel, Hrishi and Saxena, Prateek and Hobor, Aquinas},
 title = {Making Smart Contracts Smarter},
 booktitle = {Proceedings of the 2016 ACM SIGSAC Conference on Computer and Communications Security},
 series = {CCS '16},
 year = {2016},
 isbn = {978-1-4503-4139-4},
 location = {Vienna, Austria},
 pages = {254--269},
 numpages = {16},
 publisher = {ACM},
 address = {New York, NY, USA},
 keywords = {blockchain, cryptocurrencies, ethereum, smart contract, symbolic execution},
}

@inproceedings{RW:SergeyArxiv17,
  author    = {Ilya Sergey and
               Aquinas Hobor},
  title     = {A Concurrent Perspective on Smart Contracts},
  booktitle   = {1st Workshop on Trusted Smart Contracts},
  location = {Malta},
  year      = {2017},
}

@inproceedings{BhargavanPLAS16,
 author = {Bhargavan, Karthikeyan and Delignat-Lavaud, Antoine and Fournet, C{\'e}dric and Gollamudi, Anitha and Gonthier, Georges and Kobeissi, Nadim and Kulatova, Natalia and Rastogi, Aseem and Sibut-Pinote, Thomas and Swamy, Nikhil and Zanella-B{\'e}guelin, Santiago},
 title = {Formal Verification of Smart Contracts: Short Paper},
 booktitle = {Proceedings of the 2016 ACM Workshop on Programming Languages and Analysis for Security},
 series = {PLAS '16},
 year = {2016},
 isbn = {978-1-4503-4574-3},
 location = {Vienna, Austria},
 pages = {91--96},
 numpages = {6},
 publisher = {ACM},
 address = {New York, NY, USA},
 keywords = {EVM, ethereum, formal verification, smart contracts, solidity},
}

@article{RW:Leino2002ValidStateBit,
 author = {Leino, K. Rustan M. and Nelson, Greg},
 title = {Data Abstraction and Information Hiding},
 journal = {ACM Trans. Program. Lang. Syst.},
 issue_date = {September 2002},
 volume = {24},
 number = {5},
 month = sep,
 year = {2002},
 issn = {0164-0925},
 pages = {491--553},
 numpages = {63},
 publisher = {ACM},
 address = {New York, NY, USA},
 keywords = {Abstract variables, abstraction dependencies, extended static checking, modifies clauses, modular verification, object-oriented programming, specifications},
}











@inproceedings{Z3,
 author = {cite, Leonardo},
 title = {Z3: An Efficient {SMT} Solver},
 booktitle = {Proceedings of the Theory and Practice of Software, 14th International Conference on Tools and Algorithms for the Construction and Analysis of Systems},
 series = {TACAS'08/ETAPS'08},
 year = {},
 isbn = {3-540-78799-2, 978-3-540-78799-0},
 location = {Budapest, Hungary},
 pages = {337--340},
 numpages = {4},
 acmid = {1792766},
 publisher = {Springer-Verlag},
 address = {Berlin, Heidelberg},
}

@unpublished{DAO,
  url = {http://hackingdistributed.com/2016/06/18/analysis-of-the-dao-exploit/},
  year=2016,
  author="Phil Daian",
  howpublished="Hacking, Distributed"}

@article{DBLP:journals/acta/Hoare72,
  author    = {C. A. R. Hoare},
  title     = {Proof of Correctness of Data Representations},
  journal   = {Acta Inf.},
  volume    = {1},
  pages     = {271--281},
  year      = {1972}
  }
@book{DBLP:books/ph/Dijkstra76,
  author    = {Edsger W. Dijkstra},
  title     = {A Discipline of Programming},
  publisher = {Prentice-Hall},
  year      = {1976}
  }


@inproceedings{DBLP:conf/fm/LeinoM05,
  author    = {K. Rustan M. Leino and
               Peter M{\"{u}}ller},
  title     = {Modular Verification of Static Class Invariants},
  booktitle = {{FM} 2005: Formal Methods, International Symposium of Formal Methods
               Europe, Newcastle, UK, July 18-22, 2005, Proceedings},
  pages     = {26--42},
  year      = {2005}
  }
@article{DBLP:journals/jacm/BanerjeeN05,
  author    = {Anindya Banerjee and
               David A. Naumann},
  title     = {Ownership confinement ensures representation independence for object-oriented
               programs},
  journal   = {J. {ACM}},
  volume    = {52},
  number    = {6},
  pages     = {894--960},
  year      = {2005}
  }
